%YAML 1.1
%TAG !u! tag:unity3d.com,2011:
--- !u!1 &3794602642190094014
GameObject:
  m_ObjectHideFlags: 0
  m_CorrespondingSourceObject: {fileID: 0}
  m_PrefabInstance: {fileID: 0}
  m_PrefabAsset: {fileID: 0}
  serializedVersion: 6
  m_Component:
  - component: {fileID: 8383018134109536485}
  - component: {fileID: 7146455155250571472}
  - component: {fileID: 7174208120145275349}
  m_Layer: 6
  m_Name: MultipedPref
  m_TagString: Untagged
  m_Icon: {fileID: 0}
  m_NavMeshLayer: 0
  m_StaticEditorFlags: 0
  m_IsActive: 1
--- !u!4 &8383018134109536485
Transform:
  m_ObjectHideFlags: 0
  m_CorrespondingSourceObject: {fileID: 0}
  m_PrefabInstance: {fileID: 0}
  m_PrefabAsset: {fileID: 0}
  m_GameObject: {fileID: 3794602642190094014}
  m_LocalRotation: {x: 0, y: 0, z: -0.8911847, w: 0.4536407}
  m_LocalPosition: {x: -15.75, y: 10.14, z: 0}
  m_LocalScale: {x: 0.5, y: 0.5, z: 0.5}
  m_Children:
  - {fileID: 5631220443097001106}
  - {fileID: 439933870622257990}
  m_Father: {fileID: 0}
  m_RootOrder: 0
  m_LocalEulerAnglesHint: {x: 0, y: 0, z: -126.045}
--- !u!114 &7146455155250571472
MonoBehaviour:
  m_ObjectHideFlags: 0
  m_CorrespondingSourceObject: {fileID: 0}
  m_PrefabInstance: {fileID: 0}
  m_PrefabAsset: {fileID: 0}
  m_GameObject: {fileID: 3794602642190094014}
  m_Enabled: 1
  m_EditorHideFlags: 0
  m_Script: {fileID: 11500000, guid: 53a663fbdcac0fd4ab3fb53c0f027eef, type: 3}
  m_Name: 
  m_EditorClassIdentifier: 
  _speed: 2
  _hp: 10
  _score: 10
  _angularSpeed: 1
  _rigidbody2D: {fileID: 7174208120145275349}
--- !u!50 &7174208120145275349
Rigidbody2D:
  serializedVersion: 4
  m_ObjectHideFlags: 0
  m_CorrespondingSourceObject: {fileID: 0}
  m_PrefabInstance: {fileID: 0}
  m_PrefabAsset: {fileID: 0}
  m_GameObject: {fileID: 3794602642190094014}
  m_BodyType: 1
  m_Simulated: 1
  m_UseFullKinematicContacts: 0
  m_UseAutoMass: 0
  m_Mass: 1
  m_LinearDrag: 0
  m_AngularDrag: 0.05
  m_GravityScale: 0
  m_Material: {fileID: 0}
  m_Interpolate: 0
  m_SleepingMode: 1
  m_CollisionDetection: 0
  m_Constraints: 4
--- !u!1 &6304579359638992823
GameObject:
  m_ObjectHideFlags: 0
  m_CorrespondingSourceObject: {fileID: 0}
  m_PrefabInstance: {fileID: 0}
  m_PrefabAsset: {fileID: 0}
  serializedVersion: 6
  m_Component:
  - component: {fileID: 439933870622257990}
  - component: {fileID: 6422589380692000507}
  - component: {fileID: 7174208119058634909}
  m_Layer: 6
  m_Name: body
  m_TagString: Untagged
  m_Icon: {fileID: 0}
  m_NavMeshLayer: 0
  m_StaticEditorFlags: 0
  m_IsActive: 1
--- !u!4 &439933870622257990
Transform:
  m_ObjectHideFlags: 0
  m_CorrespondingSourceObject: {fileID: 0}
  m_PrefabInstance: {fileID: 0}
  m_PrefabAsset: {fileID: 0}
  m_GameObject: {fileID: 6304579359638992823}
  m_LocalRotation: {x: -0, y: -0, z: -0, w: 1}
  m_LocalPosition: {x: 0, y: 0.375, z: 0}
  m_LocalScale: {x: 1, y: 1, z: 1}
  m_Children: []
  m_Father: {fileID: 8383018134109536485}
  m_RootOrder: 1
  m_LocalEulerAnglesHint: {x: 0, y: 0, z: 0}
--- !u!212 &6422589380692000507
SpriteRenderer:
  m_ObjectHideFlags: 0
  m_CorrespondingSourceObject: {fileID: 0}
  m_PrefabInstance: {fileID: 0}
  m_PrefabAsset: {fileID: 0}
  m_GameObject: {fileID: 6304579359638992823}
  m_Enabled: 1
  m_CastShadows: 0
  m_ReceiveShadows: 0
  m_DynamicOccludee: 1
  m_StaticShadowCaster: 0
  m_MotionVectors: 1
  m_LightProbeUsage: 1
  m_ReflectionProbeUsage: 1
  m_RayTracingMode: 0
  m_RayTraceProcedural: 0
  m_RenderingLayerMask: 1
  m_RendererPriority: 0
  m_Materials:
  - {fileID: 10754, guid: 0000000000000000f000000000000000, type: 0}
  m_StaticBatchInfo:
    firstSubMesh: 0
    subMeshCount: 0
  m_StaticBatchRoot: {fileID: 0}
  m_ProbeAnchor: {fileID: 0}
  m_LightProbeVolumeOverride: {fileID: 0}
  m_ScaleInLightmap: 1
  m_ReceiveGI: 1
  m_PreserveUVs: 0
  m_IgnoreNormalsForChartDetection: 0
  m_ImportantGI: 0
  m_StitchLightmapSeams: 1
  m_SelectedEditorRenderState: 0
  m_MinimumChartSize: 4
  m_AutoUVMaxDistance: 0.5
  m_AutoUVMaxAngle: 89
  m_LightmapParameters: {fileID: 0}
  m_SortingLayerID: 0
  m_SortingLayer: 0
  m_SortingOrder: 1
  m_Sprite: {fileID: 6252728739238123972, guid: b0dfdffc6e8e37c458d8935e0f61c4d6, type: 3}
  m_Color: {r: 1, g: 1, b: 1, a: 1}
  m_FlipX: 0
  m_FlipY: 0
  m_DrawMode: 0
  m_Size: {x: 2.56, y: 2.81}
  m_AdaptiveModeThreshold: 0.5
  m_SpriteTileMode: 0
  m_WasSpriteAssigned: 1
  m_MaskInteraction: 0
  m_SpriteSortPoint: 0
--- !u!60 &7174208119058634909
PolygonCollider2D:
  m_ObjectHideFlags: 0
  m_CorrespondingSourceObject: {fileID: 0}
  m_PrefabInstance: {fileID: 0}
  m_PrefabAsset: {fileID: 0}
  m_GameObject: {fileID: 6304579359638992823}
  m_Enabled: 1
  m_Density: 1
  m_Material: {fileID: 0}
  m_IsTrigger: 0
  m_UsedByEffector: 0
  m_UsedByComposite: 0
  m_Offset: {x: 0, y: 0}
  m_SpriteTilingProperty:
    border: {x: 0, y: 0, z: 0, w: 0}
    pivot: {x: 0.5, y: 0.5}
    oldSize: {x: 2.56, y: 2.81}
    newSize: {x: 2.56, y: 2.81}
    adaptiveTilingThreshold: 0.5
    drawMode: 0
    adaptiveTiling: 0
  m_AutoTiling: 0
  m_Points:
    m_Paths:
    - - {x: -0.26999998, y: -1.375}
      - {x: -0.17, y: -1.395}
      - {x: 0.17, y: -1.395}
      - {x: 0.26999998, y: -1.385}
      - {x: 0.38, y: -1.355}
      - {x: 0.42999998, y: -1.295}
      - {x: 0.55, y: -1.405}
      - {x: 0.72999996, y: -1.405}
      - {x: 0.79999995, y: -1.285}
      - {x: 0.79999995, y: -1.225}
      - {x: 0.77, y: -1.185}
      - {x: 0.84, y: -1.045}
      - {x: 0.96, y: -0.945}
      - {x: 1.04, y: -0.78499997}
      - {x: 1.2099999, y: -0.765}
      - {x: 1.28, y: -0.66499996}
      - {x: 1.28, y: -0.53499997}
      - {x: 1.1899999, y: -0.435}
      - {x: 1.14, y: -0.445}
      - {x: 1.13, y: -0.36499998}
      - {x: 1.12, y: -0.295}
      - {x: 1.25, y: -0.255}
      - {x: 1.28, y: -0.205}
      - {x: 1.28, y: -0.065}
      - {x: 1.1999999, y: 0.024999999}
      - {x: 1.17, y: 0.055}
      - {x: 1.26, y: 0.185}
      - {x: 1.26, y: 0.295}
      - {x: 1.23, y: 0.345}
      - {x: 1.17, y: 0.405}
      - {x: 1.25, y: 0.49499997}
      - {x: 1.28, y: 0.60499996}
      - {x: 1.28, y: 0.66499996}
      - {x: 1.17, y: 0.755}
      - {x: 1.13, y: 0.73499995}
      - {x: 1.03, y: 0.715}
      - {x: 0.94, y: 0.775}
      - {x: 0.65999997, y: 0.92499995}
      - {x: 0.62, y: 0.945}
      - {x: 0.52, y: 1.0749999}
      - {x: 0.57, y: 1.1949999}
      - {x: 0.65999997, y: 1.295}
      - {x: 0.53999996, y: 1.405}
      - {x: 0.42, y: 1.405}
      - {x: 0.28, y: 1.1949999}
      - {x: 0.16, y: 1.155}
      - {x: 0.08, y: 1.2149999}
      - {x: -0.01, y: 1.235}
      - {x: -0.08, y: 1.2149999}
      - {x: -0.28, y: 1.1949999}
      - {x: -0.41, y: 1.395}
      - {x: -0.42, y: 1.405}
      - {x: -0.57, y: 1.405}
      - {x: -0.65, y: 1.255}
      - {x: -0.55, y: 1.185}
      - {x: -0.53, y: 1.095}
      - {x: -0.5, y: 1.045}
      - {x: -0.71, y: 0.895}
      - {x: -0.96, y: 0.79499996}
      - {x: -1.05, y: 0.675}
      - {x: -1.12, y: 0.755}
      - {x: -1.26, y: 0.705}
      - {x: -1.27, y: 0.645}
      - {x: -1.26, y: 0.525}
      - {x: -1.16, y: 0.39499998}
      - {x: -1.25, y: 0.325}
      - {x: -1.27, y: 0.24499999}
      - {x: -1.24, y: 0.155}
      - {x: -1.18, y: 0.055}
      - {x: -1.12, y: 0.024999999}
      - {x: -1.1999999, y: 0.015}
      - {x: -1.28, y: -0.074999996}
      - {x: -1.28, y: -0.235}
      - {x: -1.1899999, y: -0.285}
      - {x: -1.14, y: -0.265}
      - {x: -1.12, y: -0.39499998}
      - {x: -1.0699999, y: -0.465}
      - {x: -1.1899999, y: -0.42499998}
      - {x: -1.28, y: -0.53499997}
      - {x: -1.28, y: -0.675}
      - {x: -1.2099999, y: -0.755}
      - {x: -1.04, y: -0.78499997}
      - {x: -0.93, y: -0.97499996}
      - {x: -0.78999996, y: -1.0849999}
      - {x: -0.75, y: -1.185}
      - {x: -0.79999995, y: -1.225}
      - {x: -0.79999995, y: -1.285}
      - {x: -0.78, y: -1.3349999}
      - {x: -0.76, y: -1.355}
      - {x: -0.72999996, y: -1.405}
      - {x: -0.55, y: -1.405}
      - {x: -0.53, y: -1.375}
      - {x: -0.5, y: -1.295}
      - {x: -0.38, y: -1.355}
--- !u!1 &7749749267662307455
GameObject:
  m_ObjectHideFlags: 0
  m_CorrespondingSourceObject: {fileID: 0}
  m_PrefabInstance: {fileID: 0}
  m_PrefabAsset: {fileID: 0}
  serializedVersion: 6
  m_Component:
  - component: {fileID: 5631220443097001106}
  - component: {fileID: 7582844135730179736}
  m_Layer: 6
  m_Name: legs
  m_TagString: Untagged
  m_Icon: {fileID: 0}
  m_NavMeshLayer: 0
  m_StaticEditorFlags: 0
  m_IsActive: 1
--- !u!4 &5631220443097001106
Transform:
  m_ObjectHideFlags: 0
  m_CorrespondingSourceObject: {fileID: 0}
  m_PrefabInstance: {fileID: 0}
  m_PrefabAsset: {fileID: 0}
  m_GameObject: {fileID: 7749749267662307455}
  m_LocalRotation: {x: -0, y: -0, z: -0, w: 1}
  m_LocalPosition: {x: 0, y: -0.15999985, z: 0}
  m_LocalScale: {x: 1, y: 1, z: 1}
  m_Children: []
  m_Father: {fileID: 8383018134109536485}
  m_RootOrder: 0
  m_LocalEulerAnglesHint: {x: 0, y: 0, z: 0}
--- !u!212 &7582844135730179736
SpriteRenderer:
  m_ObjectHideFlags: 0
  m_CorrespondingSourceObject: {fileID: 0}
  m_PrefabInstance: {fileID: 0}
  m_PrefabAsset: {fileID: 0}
  m_GameObject: {fileID: 7749749267662307455}
  m_Enabled: 1
  m_CastShadows: 0
  m_ReceiveShadows: 0
  m_DynamicOccludee: 1
  m_StaticShadowCaster: 0
  m_MotionVectors: 1
  m_LightProbeUsage: 1
  m_ReflectionProbeUsage: 1
  m_RayTracingMode: 0
  m_RayTraceProcedural: 0
  m_RenderingLayerMask: 1
  m_RendererPriority: 0
  m_Materials:
  - {fileID: 10754, guid: 0000000000000000f000000000000000, type: 0}
  m_StaticBatchInfo:
    firstSubMesh: 0
    subMeshCount: 0
  m_StaticBatchRoot: {fileID: 0}
  m_ProbeAnchor: {fileID: 0}
  m_LightProbeVolumeOverride: {fileID: 0}
  m_ScaleInLightmap: 1
  m_ReceiveGI: 1
  m_PreserveUVs: 0
  m_IgnoreNormalsForChartDetection: 0
  m_ImportantGI: 0
  m_StitchLightmapSeams: 1
  m_SelectedEditorRenderState: 0
  m_MinimumChartSize: 4
  m_AutoUVMaxDistance: 0.5
  m_AutoUVMaxAngle: 89
  m_LightmapParameters: {fileID: 0}
  m_SortingLayerID: 0
  m_SortingLayer: 0
  m_SortingOrder: 2
  m_Sprite: {fileID: 1669400786189990624, guid: b0dfdffc6e8e37c458d8935e0f61c4d6, type: 3}
  m_Color: {r: 1, g: 1, b: 1, a: 1}
  m_FlipX: 0
  m_FlipY: 0
  m_DrawMode: 0
  m_Size: {x: 4.66, y: 4.04}
  m_AdaptiveModeThreshold: 0.5
  m_SpriteTileMode: 0
  m_WasSpriteAssigned: 1
  m_MaskInteraction: 0
  m_SpriteSortPoint: 0
